@techreport{now,
	author = "Madeleine Elish and Solon Barocas and Aaron Plasek and Kadija Ferryman", 
	title = "The AI Now Report",
	institution = "New York University and Columbia University and The New School and Microsoft",
	year = "2016"
},

@techreport{twentythirty,
	author = "Artificial Intelligence Study Panel",
	title = "Artificial Intelligence and Life in 2030",
	institution = "Stanford University",
	year = "2015"
},

@techreport{gov,
	author = "United States Government",
	title = "Artificial Intelligence, Automation, and the Economy",
	institution = "United States Government",
	year = "2016"
}

@techreport{debiasing,
	author = "Tolga Bolukbasi and Kai-Wei Chang and James Zou and Venkatesh Saligrama and Adam Kalai",
	title = "Man is to Computer Programmer as Woman is to Homemaker? Debiasing Word Embeddings",
	institution = "Boston University",
	year = "2016"
}
